@online{ref:ANEEL2021,
  author = {ANEEL},
  title = {Procedimentos de Distribuição de Energia Elétrica no Sistema Elétrico Nacional - PRODIST: Módulo 8},
  year = {2021},
  organization = {Agência Nacional de Energia Elétrica},
  url = {https://www2.aneel.gov.br/cedoc/aren2021956_2_7.pdf},
  urldate = {2023-10-02},
}

@book{ref:dugan_2004,
  title={Electrical power system quality},
  author={Dugan, Roger C},
  edition={2nd},
  year={2004},
  publisher={The McGraw Hill Companies,}
}

@book{ref:glover_2017,
  title={Power System Analysis \& Design},
  author={Glover, J. D. and Overbye, T. J. and Sarma, M. S.},
  edition={6 ed.},
  year={2017},
  publisher={Cengage Learning}
}

@book{ref:fuchs_2015,
  title={Power Quality in Power Systems and Electrical Machines},
  author={Fuchs, E. F. and Masoum, M. A. S.},
  year={2015},
  edition={2nd ed.},
  publisher={Elsevier}
}

@article{ref:paulilo_2013,
  title={Capítulo III Desequilíbrios de tensão},
  author={Paulilo, Gilson},
  journal={O Setor Elétrico},
  year={2013},
  volume={86},
  pages={42--48}
}

@article{ref:rezende_2012,
  title={Efeitos do desequilíbrio de tensões de suprimentos nos motores de indução trifásico},
  author={Rezende, Paulo Henrique Oliveira and Samesima, Milton Itsuo},
  journal={Horizonte Científico},
  year={2012},
  volume={6},
  number={2}
}

@book{ref:bisong_2019,
  title={Building Machine Learning and Deep Learning Models on Google Cloud Platform: A Comprehensive Guide for Beginners},
  author={Bisong, Ekaba},
  year={2019},
  publisher={Apress}
}

@article{ref:bollen_2003,
  title={What is power quality?},
  author={Bollen, Mathias HJ},
  journal={Electric Power Systems Research},
  volume={66},
  number={1},
  year={2003},
  pages={5--14}
}

@book{ref:borges_2014,
  title={Python para desenvolvedores: aborda Python 3.3},
  author={Borges, Luiz Eduardo},
  year={2014},
  publisher={Novatec Editora}
}

@book{ref:fitzpatrick_2022,
  title={Create GUI Applications with Python \& Qt6 (PySide6 Edition): The hands-on guide to making apps with Python},
  author={Fitzpatrick, Martin},
  year={2022},
  edition={5th},
  publisher={Amazon.com}
}

@book{ref:mckinney_2022,
  title={Python for Data Analysis},
  author={McKinney, Wes},
  year={2022},
  edition={3rd},
  publisher={O'Reilly Media, Inc.}
}

@manual{ref:minipa_2019,
  title={ET-5051C/ET5061C},
  author={Minipa},
  year={2019},
  publisher={Minipa do Brasil LTDA},
  address={São Paulo}
}

@book{ref:nelli_2023,
  title={Python Data Analytics with Pandas, NumPy, and Matplotlib},
  author={Nelli, Fabio},
  year={2023},
  edition={Third},
  publisher={Apress}
}

@book{ref:oliphant_2006,
  title={Guide to NumPy},
  author={Oliphant, Travis E. and others},
  year={2006},
  publisher={Trelgol Publishing},
  address={USA}
}
